@misc{moni1,
title = {Definici\'on de la marcha humana},
note = {http://goo.gl/yEYtYI},
}


@misc{moni2,
title = {Biomec\'anica},
note = {http://goo.gl/3b5jHU},
}


@misc{moni3,
title = {Historia},
note = {http://goo.gl/WnQWbP},
}

@misc{moni4,
title = {Aplicaciones},
note = {http://goo.gl/tiuJm6},
}


@misc{moni5,
title = {Clasificaci\'on de sistemas HMC},
note = {http://goo.gl/D2OqJM},
}


@misc{moni6,
title = {IMU},
note = {http://goo.gl/NEpmJ0},
}


@misc{moni7,
title = {3DM-GX4-45},
note = {http://goo.gl/Btv9gI},
}

@misc{moni8,
title = {Xsens mvn},
note = {http://goo.gl/Bfu2Gp},
}

@misc{moni9,
title = {Sparkfun},
note = {http://goo.gl/gdkAn},
}

@misc{moni10,
title = {Vicon},
note = {http://goo.gl/Wzl43x},
}

@misc{moni11,
title = {Qualisys},
note = {http://goo.gl/7naTK2},
}


@misc{moni12,
title = {Kinect},
note = {http://goo.gl/rIhpqM},
}

@misc{moni13,
title = {Sensor inercial},
note = {http://goo.gl/mJrgaR},
}

@misc{moni14,
title = {Imagen Kinect},
note = {http://goo.gl/udkT8x},
}

http://goo.gl/udkT8x



@misc{funda1,
title = {Sensor medidor de aceleraci\'on},
note = {http://goo.gl/93uoxS},
}


@misc{funda2,
title = {Tipos de aceler\'ometro},
note = {http://goo.gl/gkGd3I},
}


@book{funda3,
author = {Alonso M., Finn E. J},
title = {F\'isica. Mec\'anica },
year = {1970},
}


@misc{funda4,
title = {Magnet\'ometro},
note = {http://goo.gl/UBMd3X},
}


@book{funda5,
author = {A. Olivares},
title = {''Signal Processing of Magnetic and Inertial Sensor's Signals applied to Human Body Motion Monitoring''.},
year = {2013},
}

@misc{funda6,
title = {MEMS},
note = {http://goo.gl/IISqdC},
}

@misc{funda7,
title = {Gir\'oscopo MEMS},
note = {http://goo.gl/CVGMEK},
}

@misc{funda8,
title = {Magnet\'ometro MEMS},
note = {http://goo.gl/mmjLfA},
}

@misc{funda9,
title = {Definici\'on magnet\'ometro MEMS},
note = {http://goo.gl/YTq4XQ},
}



@inproceedings{funda10,
author = {F. Camps, S. Harasse, and A. Monin},
title = {''Numerical calibration for 3-axis accelerometers and magnetometers''.},
booktitle= {IEEE International Conference on Electro/Information Technology},
year = {2009},
organization={EIT'09},
pages={217-221},
}

@article{funda11,
author = {K. Levenberg},
title = {A method for the solution of certain non-linear problems in least squares},
journal= {Quarterly of Applied Mathematics},
volume={2},
pages={164-168},
year = {1944},
}

@article{funda12,
author = {D.W. Marquardt},
title = {An algorithm for least-squares estimation of nonlinear parameters},
journal= {Journal of the Society for Industrial and Applied Mathematics},
volume={11},
number={2},
pages={431-441},
year = {1963},
}



@article{funda13,
author = {National Geophysical Data Center. NGDC geomagnetic calculators-magnetic  field},
title = {http://www.ngdc.noaa.gov/geomag-web/\#igrfwmm},
year = {[Accessed January 14th,2013]},
}

@misc{funda14,
title = {Aceler\'ometro mec\'anico},
note = {http://goo.gl/8ZuwBD},
}


@misc{funda15,
title = {Aceler\'ometro piezoel\'ectrico},
note = {http://goo.gl/licOq8},
}

@misc{funda16,
title = {Aceler\'ometro de efecto hall},
note = {http://goo.gl/4887Ri},
}

@misc{funda17,
title = {Aceler\'ometro de condensador},
note = {http://goo.gl/V1i9UJ},
}

@misc{funda18,
title = {Gir\'oscopo},
note = {http://goo.gl/t3wkzn},
}


@misc{funda19,
title = {Magnet\'ometro de precesi\'on de protones},
note = {http://goo.gl/ald4dS},
}

@misc{funda20,
title = {Magnet\'ometro cu\'antico},
note = {http://goo.gl/Y8whjE},
}

@misc{funda21,
title = {Magnet\'ometros vectoriales},
note = {http://goo.gl/t9Zp6u},
}


@misc{funda22,
title = {Sistema de coordenas (n-frame)},
note = {http://goo.gl/g667oR},
}

@misc{funda23,
title = {Sistema de coordenas (b-frame)},
note = {http://goo.gl/XrDcp6},
}

@misc{funda24,
title = {Animaci\'on II},
author = {Douglas Garc\'ia y Victor Gonz\'alez},
}



@misc{soft1,
title = {Sumandor en Matlab GUI.},
note = {http://goo.gl/Ywz14z},
}


@misc{soft2,
title = {Ejemplo de GUI sin GUIDE},
note = {http://goo.gl/LzSWIk},
}


@misc{soft3,
title = {Matlab gui},
note = {http://goo.gl/8kYHDn},
}





