
%%%%%%%%%%%%%%%%%%%%%%%%%%%%%%%%%%% GENERAL APA BIBLIOGRAPHY %%%%%%%%%%%%%%%%%%%%%%%%%%%%%%%%%%%%%%%%%%%%%%

@book{JeremyJohn2001,
	author = {Jeremy Playfer and John Hindle},
	title = {Parkinson`s disease in the Older Patient},
	date = {2001},

}

@book{OlivaresBotzel2013,
	author = {A.Olivares and Kai Bötzel},
	title = {GaitWatch: User Manual},
	date = {2013},
	
}

@thesis{A.Olivares2013,
	author = {A.Olivares},
	title = {'Signal Processing of Magnetic and Inertial Sensor's Signals applied to Human Body Motion Monitoring'},
	type = {Tesis Doctoral},
	institution = {Universidad de Granada},
	date = {2013},

}

@misc{IntelAndMjf,
	title = {WHY INTEL AND THE MICHAEL J. FOX FOUNDATION ARE TEAMING UP TO CREATE WEARABLE TECH FOR PARKINSON'S},
	note = {http://www.fastcompany.com/3034433/why-intel-and-the-michael-j-fox-foundation-are-teaming-up-to-create-wearable-tech-for-parkin},
}

@misc{ParkinsonDisease,
	title = {Parkinson's disease},
	note = {http://en.wikipedia.org/wiki/Parkinson%27s_disease},
}

@misc{pdf,
	title = {Parkinson's Disease Fundation},
	note = {http://www.pdf.org/},
}

@misc{forceplate,
	title = {Zebris Force Plate},
	note = {http://www.zebris.de/english/medizin/medizin-kraftverteilungsmessung-fdms.php},
}

@misc{Qualisys,
	title = {Qualisys system},
	note = {http://www.qualisys.com/company/motion-capture-technology/},
}


%----------------------------------------------------------------------------------------------------------------


@ARTICLE{Mancini2009,
author = {M.Mancini and C. Zampieri and P. Carlson-Kuhta and L. Chiari ans F.B.Horak},
title = {Anticipatory postural adjustments prior to step initation are hypometric in untreated Parkinson`s disease: an accelerometer-based approach},
journal = {European Journal of Neurology},
year = {2009},
volume = {16},
PAGES = {1028-1034}
}

@ARTICLE{Jebb2008,
author = {Jebb G.Remelius  and Joseph Hamill and Jane Kent-Braun and Richard E.A.Van Emmerik},
title = {Gait Initation in Multiple Sclerosis},
journal = {Motor Control},
year = {2008},
volume = {12},
pages = {93-108}
}

@ARTICLE{Vennila2011,
author = {Vennila Krishnan and Alexander S.Aruin and Mark L.Latash},
title = {Two stages and three compoments of the postural preparation to action},
journal = {Exp Brain Res},
year = {2011},
volume = {212},
pages = {47-63}
}

@ARTICLE{Mancini2012,
	author = {Martina Mancini and Arash Salarian and Patricia Carlson-Kuhta and Cris Zampieri and Laurie King and Lorenzo Chiari and Fay B Horak},
	title = {ISway: a sensitive, valid and reliable measure of postural control},
	journal = {Journal of NeuroEngineering and Rehabilitation},
	year = {2012},
	volume = {9},
	pages = {59}
}

@ARTICLE{Mancini2010,
	author = {Martina Mancini and Fay B Horak},
	title = {The relevance of clinical balance assessment tools to differentiate balance deficits},
	journal = {Eur J Phys Rehabil Med},
	year = {2010},
	volume = {46(2)},
	pages = {239-248}
}

@ARTICLE{Chris2005,
	author = {Chris J.Hass and Dwight E.Waddell and Richard P.Fleming and Jorge L.Juncos and Robert J.Gregor},
	title = {Gait Initation and Dynamic Balance Control in Parkinson`s Disease},
	journal = {Arch Phys Med Rehabil},
	year = {2005},
	volume = {86},
}






%----------------------------------------------------------------------------------------------------

@ARTICLE{Marcio2010,
	author = {Marcio J. Santos and Neeta Kanekar and Alexander S. Aruin},
	title = {The role of anticipatory postural adjustments in compensatory control of posture: 1.Electromyographic analysis},
	journal = {Journal of Electromyography and Kinesiology},
	year = {2010},
	volume = {20},
	pages = {388-397}
}

@ARTICLE{Marcio2010-2,
	author = {Marcio J. Santos and Neeta Kanekar and Alexander S. Aruin},
	title = {The role of anticipatory postural adjustments in compensatory control of posture:	2. Biomechanical analysis},
	journal = {Journal of Electromyography and Kinesiology},
	year = {2010},
	volume = {20},
	pages = {398-405}
}

@ARTICLE{Aruin2002,
	author = {Alexander S.Aurin},
	title = {The organitation of Anticipatory Postural Adjustments},
	journal = {Journal of Automatic Control, University of Bekgrade},
	year = {2002},
	volume = {12},
	pages = {31-37}
}

@ARTICLE{Aruin2001,
	author = {Alexander S. Aruin and Tetsuo Ota and Mark L. Latash },
	title = {Anticipatory postural adjustments associated with lateral and
	rotational perturbations during standing},
	journal = {Journal of Electromyography and Kinesiology},
	year = {2001},
	volume = {11},
	pages = {39-51}
}





%-----------------------------------------------------------------------------------------------


@ARTICLE{Bouisset1987,
	author = {S.Bouisset and M.Zattara},
	title = {Biomechanical study of the programming of the Anticipatory Postural Adjusments associated with a voluntary movement},
	journal = {J.Biomechanics},
	year = {1987},
	volume = {20},
	pages = {735-742}
}

@ARTICLE{Mcllroy1993,
	author = {W.E. Mcllroy and B.E. Maki},
	title = {Do anticipatory postural adjustments precede compensatory stepping reactions evoked by perturbation?},
	journal = {},
	year = {1993},
	volume = {164},
	pages = {199-202}
}

@ARTICLE{Gantcho1996,
author = {Gantcho N. Gantchev and Diana M. Dimitrova},
title = {Anticipatory postural adjustments associated with arm movements
during balancing on unstable support surface},
journal = {International Journal of Psychophysiology },
year = {1996},
volume = {22},
pages = {117-122}
}

@ARTICLE{Aruin1996,
	author = {Alexander S. Aruin and Mark L. Latash},
	title = {Anticipatory postural adjustments during self-initiated perturbations of different magnitude triggered by a standard motor action},
	journal = {Electroencephalography and clinical Neurophysiology},
	year = {1996},
	volume = {101},
	pages = {497-503}
}

@ARTICLE{Harm2004,
	author = {Harm Slijpera and Mark L. Latasha},
	title = {The effects of muscle vibration on anticipatory postural adjustments},
	journal = {Brain Research},
	year = {2004},
	volume = {1015},
	pages = {57-72}
}

@ARTICLE{Benvenuti1997,
	author = {F. Benvenuti and S.J. Stanhope and S.L. Thomas and V.P. Panzer and M. Hallett },
	title = {Flexibility of anticipatory postural adjustments revealed by self-paced and reaction-time arm movements},
	journal = {Brain Research},
	year = {1997},
	volume = {761},
	pages = {59-70}
}

@ARTICLE{Jesse2009,
	author = {Jesse V. Jacobs and John G. Nutt and Patricia Carlson-Kuhta and Marilee Stephens and Fay B. Horak},
	title = {Knee trembling during freezing of gait represents multiple anticipatory postural adjustments},
	journal = {Experimental Neurology},
	year = {2009},
	volume = {215},
	pages = {334-341}
}

@ARTICLE{Serge2009,
	author = {Serge Le Bozec and Simon Bouisset },
	title = {Contribution of seat and foot reaction forces to anticipatory postural adjustments	(APAs) in sitting isometric ramp pushes},
	journal = {Gait and Posture },
	year = {2009},
	volume = {30},
	pages = {282-287}
}

@ARTICLE{Alexandre2004,
	author = {Alexander S.Aruin and Takako Shiratori},
	title = {The effect of the amplitude of motor action on anticipatory
	postural adjustments},
	journal = {Journal of Electromyography and Kinesiology },
	year = {2004},
	volume = {14},
	pages = {455-462}
}

@ARTICLE{Estelle2008,
	author = {Estelle Palluel and Hadrien Ceyte and Isabelle Olivier and Vincent Nougier},
	title = {Anticipatory postural adjustments associated with a forward leg raising in children: Effects of age, segmental acceleration and sensory context},
	journal = {Clinical Neurophysiology },
	year = {2008},
	volume = {119},
	pages = {2546-2554}
}

%_____________

@ARTICLE{Kyra2012,
	author = {Kyra Kane and John Barden },
	title = {Contributions of trunk muscles to anticipatory postural control in children with and without developmental
	coordination disorder},
	journal = {Human Movement Science},
	year = {2012},
	volume = {31},
	pages = {707-720}
}

@ARTICLE{Shinichiro2013,
	author = {Shinichiro Shiozawa and Rogerio Pessoto Hirata and Thomas Graven-Nielsen },
	title = {Reorganised anticipatory postural adjustments due to experimental lower extremity muscle pain},
	journal = {Human Movement Science },
	year = {2013},
	volume = {32},
	pages = {1239-1252}
}

@ARTICLE{Hiroshi2014,
	author = {Hiroshi Saito and Masanori Yamanaka and Satoshi Kasahara and Junko Fukushima},
	title = {Relationship between improvements in motor performance and changes in anticipatory postural
	adjustments during whole-body reaching training},
	journal = {Human Movement Science },
	year = {2014},
	volume = {37},
	pages = {69-86}
}

@ARTICLE{Wen2003,
	author = {Wen Liua and Seok Hun Kima and Jason T. Longb and Patricia S. Pohla and Pamela W. Duncanb},
	title = {Anticipatory postural adjustments and the latency of compensatory
	stepping reactions in humans},
	journal = {Neuroscience Letters},
	year = {2003},
	volume = {336},
	pages = {1-4}
}

@ARTICLE{Aruin2006,
	author = {Alexander S. Aruin},
	title = {The effect of asymmetry of posture on anticipatory postural adjustments},
	journal = {Neuroscience Letters},
	year = {2006},
	volume = {401},
	pages = {150-153}
}

@ARTICLE{Thierry2007,
	author = {Thierry Gélat and Armande Le Pellec},
	title = {Why anticipatory postural adjustments in gait initiation need
	to be modified when stepping up onto a new level?},
	journal = {Neuroscience Letters },
	year = {2007},
	volume = {429},
	pages = {17-21}
}

@ARTICLE{Antonia2009,
	author = {Antonia Ypsilanti and Vassilia Hatzitaki and George Grouios∗},
	title = {Lateralized effects of hand and eye on anticipatory postural adjustments in
	visually guided aiming movements},
	journal = {Neuroscience Letters},
	year = {2009},
	volume = {462},
	pages = {121-124}
}

@ARTICLE{Vicent1999,
	author = {Vincent Nougiera and Normand Teasdaleb and Chantal Bardb and Michelle Fleuryb},
	title = {Modulation of anticipatory postural adjustments in a reactive	and a self-triggered mode in humans},
	journal = {Neuroscience Letters},
	year = {1999},
	volume = {260},
	pages = {109-112}
}

@ARTICLE{Jacobs2009,
	author = {J. V. JACOBS and J. S. LOU and J. A. KRAAKEVIKb and	F. B. HORAKb},
	title = {THE SUPPLEMENTARY MOTOR AREA CONTRIBUTES TO THE TIMING
	OF THE ANTICIPATORY POSTURAL ADJUSTMENT DURING STEP	INITIATION IN PARTICIPANTS WITH AND WITHOUT PARKINSON’S DISEASE},
	journal = {Neuroscience},
	year = {2009},
	volume = {164},
	pages = {877-885}
}

@ARTICLE{Delval2012,
	author = {A. DELVAL and K. DUJARDIN and C. TARD and H. DEVANNE and S. WILLART and J.-L. BOURRIEZ and
	P. DERAMBURE and L. DEFEBVRE},
	title = {ANTICIPATORY POSTURAL ADJUSTMENTS DURING STEP INITIATION:
	ELICITATION BY AUDITORY STIMULATION OF DIFFERING INTENSITIES},
	journal = {Neuroscience},
	year = {2012},
	volume = {219},
	pages = {166-174}
}

%_________________________

@ARTICLE{Tard2013,
	author = {C. TARD and K. DUJARDIN and J.-L. BOURRIEZ and	P. DERAMBURE and L. DEFEBVRE and 
	A. DELVAL},
	title = {STIMULUS-DRIVEN ATTENTION MODULATES THE RELEASE OF ANTICIPATORY POSTURAL ADJUSTMENTS DURING STEP INITIATION},
	journal = {Neuroscience },
	year = {2013},
	volume = {247},
	pages = {25-34}
}

@ARTICLE{Hall2013,
	author = {L. M. HALL and S. G. BRAUER and F. HORAKb and	P. W. HODGES},
	title = {THE EFFECT OF PARKINSON’S DISEASE AND LEVODOPA ON
	ADAPTATION OF ANTICIPATORY POSTURAL ADJUSTMENTS},
	journal = {Neuroscience},
	year = {2013},
	volume = {250},
	pages = {483-492}
}

@ARTICLE{Bleuse2006,
	author = {Séverine Bleuse and Franc¸ois Cassim and Jean-Louis Blatt and Etienne Labyt and
	Philippe Derambure and Jean-Daniel Guieu and Luc Defebvre },
	title = {Effect of age on anticipatory postural adjustmentsin unilateral arm movement},
	journal = {Gait & Posture },
	year = {2006},
	volume = {24},
	pages = {203-210}
}

@ARTICLE{MAeda2007,
	author = {Kaoru Maeda and Katsuo Fujiwara},
	title = {Effects of preparatory period on anticipatory postural control and contingent negative variation associated with rapid arm
	movement in standing posture},
	journal = {Gait and Posture },
	year = {2007},
	volume = {25},
	pages = {78-85}
}

@ARTICLE{Takashi2007,
	author = {Takashi Azuma , Taro Ito b, Noriyoshi Yamashita},
	title = {Effects of changing the initial horizontal location of the center of
	mass on the anticipatory postural adjustments and task
	performance associated with step initiation},
	journal = {Gait and Posture},
	year = {2007},
	volume = {26},
	pages = {526-513}
}

@ARTICLE{,
	author = {Kazuki Uemura and Minoru Yamada and Koutatsu Nagai and Buichi Tanaka and Shuhei Mori and Noriaki Ichihashi},
	title = {Fear of falling is associated with prolonged anticipatory postural adjustment
	during gait initiation under dual-task conditions in older adults},
	journal = {Gait and Posture },
	year = {2012},
	volume = {35},
	pages = {282-286}
}

@ARTICLE{Yiou2012,
	author = {E. Yiou and T. Hussein and J. LaRue},
	title = {Influence of temporal pressure on anticipatory postural control of medio-lateral
	stability during rapid leg flexion},
	journal = {Gait and Posture },
	year = {2012},
	volume = {35},
	pages = {494-499}
}

@ARTICLE{Teddy2013,
	author = {Teddy Caderby and Georges Dalleau and Pierre Leroyer and Bruno Bonazzi and Daniel Chane-Teng and
	Manh-Cuong Do },
	title = {Does an additional load modify the Anticipatory Postural Adjustments in gait
	initiation?},
	journal = {Gait and Posture},
	year = {2013},
	volume = {37},
	pages = {144-146}
}

@ARTICLE{Bouisset2008,
	author = {S. Bouisset, M-C. Do},
	title = {Posture, dynamic stability, and voluntary movement
	Posture, stabilité dynamique et mouvement	volontaire},
	journal = {Neurophysiologie Clinique/Clinical Neurophysiology },
	year = {2008},
	volume = {38},
	pages = {345-362}
}

@ARTICLE{Pellec2000,
	author = {A. Le Pellec and B. Maton},
	title = {Anticipatory postural adjustments depend on final equilibrium and
	task complexity in vertical high jump movements},
	journal = {Journal of Electromyography and Kinesiology },
	year = {2000},
	volume = {10},
	pages = {171-178}
}

%___________

@ARTICLE{Aruin2001,
	author = {Alexander S. Aruin and Tetsuo Ota and Mark L. Latash },
	title = {Anticipatory postural adjustments associated with lateral and
	rotational perturbations during standing},
	journal = {Journal of Electromyography and Kinesiology },
	year = {2001},
	volume = {11},
	pages = {39-51}
}

@ARTICLE{Marcio2009,
	author = {Marcio J. Santos and Alexander S. Aruin },
	title = {Effects of lateral perturbations and changing stance conditions
	on anticipatory postural adjustment},
	journal = {Journal of Electromyography and Kinesiology},
	year = {2009},
	volume = {19},
	pages = {532-541}
}

@ARTICLE{Katsuo2009,
	author = {Katsuo Fujiwara and Hidehito Tomita and Nozomi Kurokawa and Hitoshi Asai and Kaoru Maeda },
	title = {Effects of stance width on postural movement pattern and
	anticipatory postural control associated with unilateral arm abduction},
	journal = {Journal of Electromyography and Kinesiology },
	year = {2009},
	volume = {19},
	pages = {187-196}
}

@ARTICLE{Gay2011,
	author = {Gay L. Girolami and Takako Shiratori and Alexander S. Aruin },
	title = {Anticipatory postural adjustments in children with hemiplegia and diplegia},
	journal = {Journal of Electromyography and Kinesiology},
	year = {2011},
	volume = {21},
	pages = {988-997}
}

@ARTICLE{Renato2013,
	author = {Renato Claudino and Eloá C.C. dos Santos and Marcio J. Santos },
	title = {Compensatory but not anticipatory adjustments are altered in older
	adults during lateral postural perturbations},
	journal = {Clinical Neurophysiology },
	year = {2013},
	volume = {124},
	pages = {1628-1637}
}

@ARTICLE{Gay2010,
	author = {Gay L. Girolami andTakako Shiratori  and Alexander S. Aruin},
	title = {Anticipatory postural adjustments in children with typical
	motor development},
	journal = {Exp Brain Res},
	year = {2010},
	volume = {205},
	pages = {153-165}
}

@ARTICLE{Neeta2014,
	author = {Neeta Kanekar and Alexander S. Aruin},
	title = {Aging and balance control in response to external
	perturbations: role of anticipatory and compensatory postural
	mechanisms},
	journal = {American Aging Association},
	year = {2014},
	volume = {36},
	pages = {1067–1077}
}

%%%%%%%%%%%%%%%%%%%%% FEATURES, CLASSIFICATION AND CALIBRATION BIBLIOGRAPHY %%%%%%%%%%%%%%%%%%%%%%%%%%%%
@ARTICLE{Banos2012,
	author = {Oresti Baños and Miguel Damas and Hector Pomares and Fernando Rojas and Blanca Delgado and Olga Valenzuela},
	title = {Human activity recognition based on a sensor weighting hierarchical classifier},
	journal = {Springer-Verlag},
	year = {2012},

}

@ARTICLE{Banos2014,
	author = {Oresti Baños and Juan Manuel Galvez and Miguel Damas and Hector Pomares ans Ignacio Rojas},
	title = {Window Size Impact in human Activity Recognition},
	journal = {Sensors},
	year = {2014},
	volume = {14},
	pages = {6474-6499}
}

@ARTICLE{Kian2011,
	author = {Kian Sek Tee and Member and IAENG and Mohammed Awada and Abbas Dehghani and David Moser and Saeed Zahedi},
	title = {Triaxial Accelerometer Static Calibration},
	journal = {WCE},
	year = {2011},
	volume = {3},
	pages = {6-8}
}

@ARTICLE{Camps2009,
	author = {Frédéric Camps and Sébastien Harasse and André Monin},
	title = {NUMERICAL CALIBRATION FOR 3-AXIS ACCELEROMETERS AND MAGNETOMETERS},
	journal = {IEEE International Conference on Electro/
	Information Technology},
	year = {2009},
	volume = {9},
	pages = {217–221}
}

@ARTICLE{FrenkelToledo,
	author = {Silvi Frenkel-Toledo,  Nir Giladi, Chava Peretz, Talia Herman,
	Leor Gruendlinger, BSc and Jeffrey M. Hausdorff},
	title = {Treadmill Walking as an External Pacemaker to Improve Gait
	Rhythm and Stability in Parkinson’s Disease},
	journal = {Movement Disorders},
	year = {2005},
	volume = {20 (9)},
	pages = {1109-1114}
}

@ARTICLE{Jeon,
	author = {Hyo-Seon Jeon, Jonghee Han, Won-Jin Yi, BeomSeok Jeon , Kwang Suk Park},
	title = {Classification of Parkinson Gait and Normal Gait
	using Spatial-Temporal Image of Plantar Pressure},
	journal = {30th Annual International IEEE EMBS Conference},
	year = {2008},
	pages = {20-24}
}
@misc{PCA,
	title = {PCA},
	note = {http://es.slideshare.net/reachquadri/feature-extraction-and-principal-component-analysis},
}

@ARTICLE{Gorriz,
	author = {I. Alvarez, J.M. Gorriz, J. Ramirez, D. Salas-Gonzalez,
	M. Lopez, C.G. Puntonet and F. Segovia},
	title = {Alzheimer’s diagnosis using eigenbrains and
	support vector machines},
	journal = {Electronics letters},
	year = {2009},
	pages = {7(45)}
}

@misc{Cross-corr,
	title = {Cross-correlation},
	note = {https://en.wikipedia.org/wiki/Cross-correlation},
}

@misc{Kalman Filter,
	title = {Kalman Filter},
	note = {https://en.wikipedia.org/wiki/Kalman_filter},
}

@ARTICLE{Hausdorff,
	author = {Jeffrey M. Hausdorff,Justine Lowenthal,Talia Herman, Leor Gruendlinger, Chava Peretz1 and Nir Giladi},
	title = {Rhythmic auditory stimulation modulates gait variability
	in Parkinson’s disease},
	journal = {European Journal of Neuroscience},
	year = {2001},
	pages = {2369–2375(26)}
}

@ARTICLE{pls_pca,
	author = {Saikat Maitra and Jun Yan},
	title = {Principle Component Analysis and Partial Least Squares:
	Two Dimension Reduction Techniques for Regression }
}


%%%%%%%%%%%%%%%%%%%%% ACTIVITY DETECTION BIBLIOGRAPHY %%%%%%%%%%%%%%%%%%%%%%%%% 
@ARTICLE{Ramirez2004,
	author = {Javier Ramirez, Jose C. Segura, Carmen Benitez, Angel De La Torre, and Antonio
	Rubio},
	title = {Efficient voice activity detection algorithms using long-term
	speech information},
	journal = {Speech Communication},
	year = {2004},
	volume = {42},
	pages = {3–4}
}
@ARTICLE{Ramirez2006,
	author = {Javier Ramirez, Juan Manuel Gorriz, Jose Carlos Segura, Carlos G. Puntonet,
	Antonio J. Rubio, Senior Member},
	title = {Speech/non-speech
	discrimination based on contextual information integrated bispectrum lrt},
	journal = {IEEE Signal Processing Letters},
	year = {2006},

}
@ARTICLE{Ramirez2007,
	author = {J. Ramirez, J. C. Segura, J. M. Gorriz, and L. Garcia.},
	title = {Improved voice activity
	detection using contextual multiple hypothesis testing for robust speech
	recognition},
	journal = {Trans. Audio, Speech and Lang. Proc},
	year = {2007},
	volume = {15(8)},
	pages = {2177–2189}
}


%%%%%%%%%%%%%%%%%%%%% INSTRUMENTATION BIBLIOGRAPHY %%%%%%%%%%%%%%%%%%%%%%%%%%%%

@misc{Instr1,
	title = {Electromiografia},
	note = {http://www.bioingenieria.edu.ar/academica/catedras/bioingenieria2/archivos/apuntes/tema%205%20-%20electromiografia.pdf},
}

@misc{Instr2,
	title = {3DM-GX3-45},
	note = {http://www.microstrain.com/inertial/3dm-gx3-45},
}

@misc{Instr3,
	title = {MVN-Biomech},
	note = {http://www.xsens.com/products/mvn-biomech/},
}

@misc{Instr4,
	title = {XSens-MVN},
	note = {http://www.xsens.com/products/xsens-mvn/},
}

@misc{Instr5,
	title = {Kinect},
	note = {http://www.microsoft.com/en-us/kinectforwindows/},
}

@misc{Instr6,
title = {SensorsFeet},
note = {http://www.infotronic.nl/},
}

%%%%%%%%%%%%%%%%%%%%% APPLICATIONS %%%%%%%%%%%%%%%%%%%%%%%%%%%%
@ARTICLE{SanchezDaniel,
	author = {Daniel Sanchez Morillo, Juan Luis Rojas Ojeda, Luis Felipe Crespo Foix,
	and Antonio Leon Jimenez.},
	title = {An Accelerometer-Based Device for
	Sleep Apnea Screening},
	journal = {IEEE TRANSACTIONS ON INFORMATION TECHNOLOGY IN BIOMEDICINE,},
	year = {2010},
	volume = {14(2)},
}

@misc{AppPD,
	title = {PD},
	note = { http://bit.ly/1La0adQ},
}

@ARTICLE{Sung,
	author = {M.Sung, C.Marci and A.Pentland.},
	title = {Wearable Feedback System for Rehabilitation},

}

@ARTICLE{Yuji,
	author = {Yuji OHGI},
	title = {MEMS SENSOR APPLICATION FOR THE MOTION ANALYSIS IN	SPORTS SCIENCE},
	journal = {Symposium Series in Mechatronics},
	year = {2006},
	volume = {2},
	pages = {501-508},
}

@misc{desa,
	title = {DESA},
	note = { http://bit.ly/1v0fLYM},
}
@misc{rempark,
	title = {rempark},
	note = { http://www.rempark.eu/},
}
@misc{gaitup,
	title = {gaitup},
	note = {  http://www.gaitup.com/products/},
}

@misc{ROC1,
	title = {ROC1},
	note = { http://bit.ly/1In2v72},
}
@misc{ROC2,
	title = {ROC2},
	note = { http://bit.ly/1TZDDGS},
}